@article{Mur-Artal:2017281, 
  title = {{ORB-SLAM2: An Open-Source SLAM System for Monocular, Stereo, and RGB-D Cameras}}, 
  author = {Mur-Artal, Ral and Tards, Juan D.}, 
  journal = {IEEE Transactions on Robotics}, 
  abstract = {We present ORB-SLAM2, a complete simultaneous localization and mapping (SLAM) system for monocular, stereo and RGB-D cameras, including map reuse, loop closing, and relocalization capabilities. The system works in real time on standard central processing units in a wide variety of environments from small hand-held indoors sequences, to drones flying in industrial environments and cars driving around a city. Our back-end, based on bundle adjustment with monocular and stereo observations, allows for accurate trajectory estimation with metric scale. Our system includes a lightweight localization mode that leverages visual odometry tracks for unmapped regions and matches with map points that allow for zero-drift localization. The evaluation on 29 popular public sequences shows that our method achieves state-of-the-art accuracy, being in most cases the most accurate SLAM solution. We publish the source code, not only for the benefit of the SLAM community, but with the aim of being an out-of-the-box SLAM solution for researchers in other fields.}, 
  volume = {33}, 
  pages = {1255--1262}, 
  issn = {1552-3098}, 
  eissn = {1941-0468}, 
  doi = {10.1109/tro.2017.2705103}, 
  arxiv = {1610.06475}, 
  year = {2016}
}

@inproceedings{quigley2009ros,
  title={ROS: an open-source Robot Operating System},
  author={Quigley, Morgan and Conley, Ken and Gerkey, Brian and Faust, Josh and Foote, Tully and Leibs, Jeremy and Wheeler, Rob and Ng, Andrew Y},
  booktitle={ICRA workshop on open source software},
  volume={3},
  number={3.2},
  pages={5},
  year={2009},
  organization={Kobe, Japan}
}

@INPROCEEDINGS{small_1, 
author={H. {Jégou} and M. {Douze} and C. {Schmid} and P. {Pérez}}, 
booktitle={2010 IEEE Computer Society Conference on Computer Vision and Pattern Recognition}, 
title={Aggregating local descriptors into a compact image representation}, 
year={2010}, 
volume={}, 
number={}, 
pages={3304-3311}, 
keywords={image representation;image retrieval;pattern clustering;local descriptors;compact image representation;image search;Fisher kernel representation;bag-of-features;image database;Image representation;Large-scale systems;Kernel;Indexing;Aggregates;Robustness;Support vector machines;Support vector machine classification;Image databases;Constraint optimization}, 
doi={10.1109/CVPR.2010.5540039}, 
ISSN={1063-6919}, 
month={June},}

@ARTICLE{small_2, 
author={H. {Jégou} and F. {Perronnin} and M. {Douze} and J. {Sánchez} and P. {Pérez} and C. {Schmid}}, 
journal={IEEE Transactions on Pattern Analysis and Machine Intelligence}, 
title={Aggregating Local Image Descriptors into Compact Codes}, 
year={2012}, 
volume={34}, 
number={9}, 
pages={1704-1716}, 
keywords={image representation;image retrieval;indexing;vectors;local image descriptor aggregation;compact codes;large-scale image search;search accuracy;search efficiency;memory usage;Fisher kernel;reference bag-of-visual words approach;vector dimension;dimensionality reduction optimization;indexing optimization;vector comparison;compact representation;image representation;time 250 ms;Vectors;Accuracy;Visualization;Kernel;Indexing;Image representation;Image search;image retrieval;indexing.}, 
doi={10.1109/TPAMI.2011.235}, 
ISSN={0162-8828}, 
month={Sep.},}

@INPROCEEDINGS{large_1, 
author={G. {Tolias} and Y. {Avrithis} and H. {Jégou}}, 
booktitle={2013 IEEE International Conference on Computer Vision}, 
title={To Aggregate or Not to aggregate: Selective Match Kernels for Image Search}, 
year={2013}, 
volume={}, 
number={}, 
pages={1401-1408}, 
keywords={image matching;selective match kernels;local descriptors;VLAD descriptor;image matching techniques;Hamming embedding;aggregation procedure;large scale image search;Vectors;Kernel;Visualization;Mathematical model;Equations;Manganese;Databases;image retrieval;descriptor aggregation;VLAD;Hamming Embedding}, 
doi={10.1109/ICCV.2013.177}, 
ISSN={1550-5499}, 
month={Dec},}

@INPROCEEDINGS{large_2, 
author={R. {Arandjelović} and A. {Zisserman}}, 
booktitle={2012 IEEE Conference on Computer Vision and Pattern Recognition}, 
title={Three things everyone should know to improve object retrieval}, 
year={2012}, 
volume={}, 
number={}, 
pages={2911-2918}, 
keywords={image retrieval;object retrieval;large scale image datasets;image query;image retrieval;video Google;SIFT descriptors;RootSIFT;query expansion;image augmentation method;retrieval performance;Vectors;Visualization;Kernel;Standards;Support vector machines;Indexes;Euclidean distance}, 
doi={10.1109/CVPR.2012.6248018}, 
ISSN={1063-6919}, 
month={June},}


@inproceedings{li2019879gops,
  title={An 879GOPS 243mW 80fps VGA Fully Visual CNN-SLAM Processor for Wide-Range Autonomous Exploration},
  author={Li, Ziyun and Chen, Yu and Gong, Luyao and Liu, Lu and Sylvester, Dennis and Blaauw, David and Kim, Hun-Seok},
  booktitle={2019 IEEE International Solid-State Circuits Conference-(ISSCC)},
  pages={134--136},
  year={2019},
  organization={IEEE}
}

@inproceedings{bay2006surf,
  title={Surf: Speeded up robust features},
  author={Bay, Herbert and Tuytelaars, Tinne and Van Gool, Luc},
  booktitle={European conference on computer vision},
  pages={404--417},
  year={2006},
  organization={Springer}
}

@inproceedings{shi2018hero,
  title={HERO: Accelerating Autonomous Robotic Tasks with FPGA},
  author={Shi, Xuesong and Cao, Lu and Wang, Dawei and Liu, Ling and You, Ganmei and Liu, Shuang and Wang, Chunjie},
  booktitle={2018 IEEE/RSJ International Conference on Intelligent Robots and Systems (IROS)},
  pages={7766--7772},
  year={2018},
  organization={IEEE}
}

@inproceedings{long2015fully,
  title={Fully convolutional networks for semantic segmentation},
  author={Long, Jonathan and Shelhamer, Evan and Darrell, Trevor},
  booktitle={Proceedings of the IEEE conference on computer vision and pattern recognition},
  pages={3431--3440},
  year={2015}
}

@inproceedings{ren2015faster,
  title={Faster r-cnn: Towards real-time object detection with region proposal networks},
  author={Ren, Shaoqing and He, Kaiming and Girshick, Ross and Sun, Jian},
  booktitle={Advances in neural information processing systems},
  pages={91--99},
  year={2015}
}

@inproceedings{cordts2016cityscapes,
  title={The cityscapes dataset for semantic urban scene understanding},
  author={Cordts, Marius and Omran, Mohamed and Ramos, Sebastian and Rehfeld, Timo and Enzweiler, Markus and Benenson, Rodrigo and Franke, Uwe and Roth, Stefan and Schiele, Bernt},
  booktitle={Proceedings of the IEEE conference on computer vision and pattern recognition},
  pages={3213--3223},
  year={2016}
}

@inproceedings{liu2019eslam,
  title={eSLAM: An Energy-Efficient Accelerator for Real-Time ORB-SLAM on FPGA Platform},
  author={Liu, Runze and Yang, Jianlei and Chen, Yiran and Zhao, Weisheng},
  booktitle={Proceedings of the 56th Annual Design Automation Conference 2019},
  pages={193},
  year={2019},
  organization={ACM}
}

@article{RamsauerKLM17,
  author    = {Ralf Ramsauer and
               Jan Kiszka and
               Daniel Lohmann and
               Wolfgang Mauerer},
  title     = {Look Mum, no {VM} Exits! (Almost)},
  journal   = {CoRR},
  volume    = {abs/1705.06932},
  year      = {2017},
  url       = {http://arxiv.org/abs/1705.06932},
  archivePrefix = {arXiv},
  eprint    = {1705.06932},
  timestamp = {Mon, 13 Aug 2018 16:49:00 +0200},
  biburl    = {https://dblp.org/rec/bib/journals/corr/RamsauerKLM17},
  bibsource = {dblp computer science bibliography, https://dblp.org}
}

@inproceedings{jia2016sri,
  title={SRI-SURF: A better SURF powered by scaled-RAM interpolator on FPGA},
  author={Jia, Xijie and Guo, Kaiyuan and Wang, Wenqiang and Wang, Yu and Yang, Huazhong},
  booktitle={2016 26th International Conference on Field Programmable Logic and Applications (FPL)},
  pages={1--8},
  year={2016},
  organization={IEEE}
}

@article{radenovic2018fine,
  title={Fine-tuning CNN image retrieval with no human annotation},
  author={Radenovi{\'c}, Filip and Tolias, Giorgos and Chum, Ond{\v{r}}ej},
  journal={IEEE transactions on pattern analysis and machine intelligence},
  volume={41},
  number={7},
  pages={1655--1668},
  year={2018},
  publisher={IEEE}
}

@inproceedings{arandjelovic2016netvlad,
  title={NetVLAD: CNN architecture for weakly supervised place recognition},
  author={Arandjelovic, Relja and Gronat, Petr and Torii, Akihiko and Pajdla, Tomas and Sivic, Josef},
  booktitle={Proceedings of the IEEE conference on computer vision and pattern recognition},
  pages={5297--5307},
  year={2016}
}


@article{Zhan:2018e92, 
  title = {{Unsupervised learning of monocular depth estimation and visual odometry with deep feature reconstruction}}, 
  author = {Zhan, Huangying and Garg, Ravi and Weerasekera, Chamara Saroj and Li, Kejie and Agarwal, Harsh and Reid, Ian}, 
  journal = {Proceedings of the IEEE Conference on Computer Vision and Pattern Recognition}, 
  year = {2018}
}

@inproceedings{fang2017fpga,
  title={FPGA-based ORB feature extraction for real-time visual SLAM},
  author={Fang, Weikang and Zhang, Yanjun and Yu, Bo and Liu, Shaoshan},
  booktitle={2017 International Conference on Field Programmable Technology (ICFPT)},
  pages={275--278},
  year={2017},
  organization={IEEE}
}

@inproceedings{lu_evaluating_2017,
	title = {Evaluating {Fast} {Algorithms} for {Convolutional} {Neural} {Networks} on {FPGAs}},
  booktitle = {2017 {IEEE} 25th {Annual} {International} {Symposium} on {Field}-{Programmable} {Custom} {Computing} {Machines} ({FCCM})},
	author = {Lu, L. and Liang, Y. and Xiao, Q. and Yan, S.},
	month = apr,
	year = {2017},
	keywords = {CNN, Computer architecture, Algorithm design and analysis, arithmetic complexity, design space exploration, Engines, feature map data, field programmable gate array, field programmable gate arrays, hardware accelerator, line buffer structure, neural chips, parallelization, Prediction algorithms, resource usage, Space exploration, Winograd, Winograd algorithm, Winograd PE engine, fpga, Convolutional neural networks, convolution},
	pages = {101--108},
	file = {IEEE Xplore Abstract Record:C\:\\Users\\yujc12\\Zotero\\storage\\XR7F8L5I\\7966660.html:text/html;IEEE Xplore Full Text PDF:C\:\\Users\\yujc12\\Zotero\\storage\\V5HM8MU4\\Lu 等。 - 2017 - Evaluating Fast Algorithms for Convolutional Neura.pdf:application/pdf}
}


@inproceedings{li_high_2016,
	title = {A high performance {FPGA}-based accelerator for large-scale convolutional neural networks},


	booktitle = {Field {Programmable} {Logic} and {Applications} ({FPL}), 2016 26th {International} {Conference} on},
	publisher = {IEEE},
	author = {Li, Huimin and Fan, Xitian and Jiao, Li and Cao, Wei and Zhou, Xuegong and Wang, Lingli},
	year = {2016},
	pages = {1--9},
	file = {[PDF] fudan.edu.cn:C\:\\Users\\yujc12\\Zotero\\storage\\KKNK7FQG\\Li 等. - 2016 - A high performance FPGA-based accelerator for larg.pdf:application/pdf;Snapshot:C\:\\Users\\yujc12\\Zotero\\storage\\6MUU5Z7B\\7577308.html:text/html}
}

@inproceedings{biadgie2014feature,
  title={Feature detector using adaptive accelerated segment test},
  author={Biadgie, Yenewondim and Sohn, Kyung-Ah},
  booktitle={2014 International Conference on Information Science \& Applications (ICISA)},
  pages={1--4},
  year={2014},
  organization={IEEE}
}

@inproceedings{simo2015discriminative,
  title={Discriminative learning of deep convolutional feature point descriptors},
  author={Simo-Serra, Edgar and Trulls, Eduard and Ferraz, Luis and Kokkinos, Iasonas and Fua, Pascal and Moreno-Noguer, Francesc},
  booktitle={Proceedings of the IEEE International Conference on Computer Vision},
  pages={118--126},
  year={2015}
}

@inproceedings{yi2016lift, 
  title={Lift: Learned invariant feature transform}, 
  author={Yi, Kwang Moo and Trulls, Eduard and Lepetit, Vincent and Fua, Pascal},
  booktitle={European Conference on Computer Vision}, 
  pages={467--483}, 
  year={2016}, 
  organization={Springer} 
}

@inproceedings{detone2018superpoint,
  title={Superpoint: Self-supervised interest point detection and description},
  author={DeTone, Daniel and Malisiewicz, Tomasz and Rabinovich, Andrew},
  booktitle={Proceedings of the IEEE Conference on Computer Vision and Pattern Recognition Workshops},
  pages={224--236},
  year={2018}
}

@article{simonyan2014very,
  title={Very deep convolutional networks for large-scale image recognition},
  author={Simonyan, Karen and Zisserman, Andrew},
  journal={arXiv preprint arXiv:1409.1556},
  year={2014}
}

@inproceedings{qiu2016going,
  title={Going deeper with embedded fpga platform for convolutional neural network},
  author={Qiu, Jiantao and Wang, Jie and Yao, Song and Guo, Kaiyuan and Li, Boxun and Zhou, Erjin and Yu, Jincheng and Tang, Tianqi and Xu, Ningyi and Song, Sen and others},
  booktitle={Proceedings of the 2016 ACM/SIGDA International Symposium on Field-Programmable Gate Arrays},
  pages={26--35},
  year={2016},
  organization={ACM}
}

@article{yu2018instruction,
  title={Instruction driven cross-layer CNN accelerator for fast detection on FPGA},
  author={Yu, Jincheng and Ge, Guangjun and Hu, Yiming and Ning, Xuefei and Qiu, Jiantao and Guo, Kaiyuan and Wang, Yu and Yang, Huazhong},
  journal={ACM Transactions on Reconfigurable Technology and Systems (TRETS)},
  volume={11},
  number={3},
  pages={22},
  year={2018},
  publisher={ACM}
}


@misc{dpu, 
  title = {{DNNDK User Guide - Xilinx}}, 
  url = {https://www.xilinx.com/support/documentation/user_guides/ug1327-dnndk-user-guide.pdf}, 
  read = {false}, 
  year = {2019}
}
@misc{zcu102, 
  title = {{Xilinx Zynq UltraScale+ MPSoC ZCU102 Evaluation Kit}}, 
  url = {https://www.xilinx.com/products/boards-and-kits/ek-u1-zcu102-g.html},
  read = {false}, 
  year = {2019}
}
@misc{MPSoC, 
  title = {{UltraScale MPSoC Architecture}}, 
  url = {https://www.xilinx.com/products/technology/ultrascale-mpsoc.html},
  read = {false}, 
  year = {2019}
}

@InProceedings{Balntas_2017_CVPR,
author = {Balntas, Vassileios and Lenc, Karel and Vedaldi, Andrea and Mikolajczyk, Krystian},
title = {HPatches: A Benchmark and Evaluation of Handcrafted and Learned Local Descriptors},
booktitle = {The IEEE Conference on Computer Vision and Pattern Recognition (CVPR)},
month = {July},
year = {2017}
}

@InProceedings{ sturm12iros,
	author = {J. Sturm and N. Engelhard and F. Endres and W. Burgard and D. Cremers},
	title = "A Benchmark for the Evaluation of RGB-D SLAM Systems",
	booktitle = "Proc. of the International Conference on Intelligent Robot Systems (IROS)",
	year = "2012",
	month= "Oct.",
        keywords="rgb-d,rgb-d benchmark,sturmselection",
}

@article{
SimonyanZisserman-463,
   Author = {Simonyan, Karen and Zisserman, Andrew},
   Title = {Very Deep Convolutional Networks for Large-Scale Image Recognition},
   Journal = {Computer Science},
   Year = {2014} 
}

@article{
Lowe-478,
   Author = {Lowe, David G.},
   Title = {Distinctive Image Features from Scale-Invariant Keypoints},
   Journal = {International Journal of Computer Vision},
   Volume = {60},
   Number = {2},
   Pages = {91-110},
   Year = {2004} }


@misc{
RubleeRabaud-479,
   Author = {Rublee, Ethan and Rabaud, Vincent and Konolige, Kurt and Bradski, Gary},
   Title = {ORB: An efficient alternative to SIFT or SURF},
   Year = {2012} }


@inproceedings{calonder2010brief,
  title={Brief: Binary robust independent elementary features},
  author={Calonder, Michael and Lepetit, Vincent and Strecha, Christoph and Fua, Pascal},
  booktitle={European conference on computer vision},
  pages={778--792},
  year={2010},
  organization={Springer}
}